
% Chabrier (2003)
@ARTICLE{Chabrier2003,
       author = {{Chabrier}, Gilles},
        title = "{Galactic Stellar and Substellar Initial Mass Function}",
      journal = {\pasp},
     keywords = {Galaxies: Luminosity Function, Mass Function, Invited Reviews, Astrophysics},
         year = 2003,
        month = jul,
       volume = {115},
       number = {809},
        pages = {763-795},
          doi = {10.1086/376392},
archivePrefix = {arXiv},
       eprint = {astro-ph/0304382},
 primaryClass = {astro-ph},
       adsurl = {https://ui.adsabs.harvard.edu/abs/2003PASP..115..763C},
      adsnote = {Provided by the SAO/NASA Astrophysics Data System}
}

% Griffith et al. (2021)
@ARTICLE{Griffith2021,
       author = {{Griffith}, Emily J. and {Sukhbold}, Tuguldur and {Weinberg}, David H. and {Johnson}, Jennifer A. and {Johnson}, James W. and {Vincenzo}, Fiorenzo},
        title = "{The Impact of Black Hole Formation on Population-averaged Supernova Yields}",
      journal = {\apj},
     keywords = {Core-collapse supernovae, Nucleosynthesis, Stellar nucleosynthesis, Abundance ratios, Stellar abundances, Stellar mass black holes, 304, 1131, 1616, 11, 1577, 1611, Astrophysics - Solar and Stellar Astrophysics, Astrophysics - Astrophysics of Galaxies},
         year = 2021,
        month = nov,
       volume = {921},
       number = {1},
          eid = {73},
        pages = {73},
          doi = {10.3847/1538-4357/ac1bac},
archivePrefix = {arXiv},
       eprint = {2103.09837},
 primaryClass = {astro-ph.SR},
       adsurl = {https://ui.adsabs.harvard.edu/abs/2021ApJ...921...73G},
      adsnote = {Provided by the SAO/NASA Astrophysics Data System}
}

% Kroupa (2001)
@ARTICLE{Kroupa2001,
       author = {{Kroupa}, Pavel},
        title = "{On the variation of the initial mass function}",
      journal = {\mnras},
     keywords = {BINARIES: GENERAL, STARS: FORMATION, STARS: KINEMATICS, STARS: LUMINOSITY FUNCTION, MASS FUNCTION, GLOBULAR CLUSTERS: GENERAL, OPEN CLUSTERS AND ASSOCIATIONS: GENERAL, Astrophysics},
         year = 2001,
        month = apr,
       volume = {322},
       number = {2},
        pages = {231-246},
          doi = {10.1046/j.1365-8711.2001.04022.x},
archivePrefix = {arXiv},
       eprint = {astro-ph/0009005},
 primaryClass = {astro-ph},
       adsurl = {https://ui.adsabs.harvard.edu/abs/2001MNRAS.322..231K},
      adsnote = {Provided by the SAO/NASA Astrophysics Data System}
}

% Miller & Scalo (1979)
@ARTICLE{Miller1979,
       author = {{Miller}, G.~E. and {Scalo}, J.~M.},
        title = "{The Initial Mass Function and Stellar Birthrate in the Solar Neighborhood}",
      journal = {\apjs},
     keywords = {Cosmology, Solar System, Stellar Evolution, Stellar Mass, Gas Density, Main Sequence Stars, Milky Way Galaxy, Nuclear Fusion, Planetary Nebulae, Stellar Luminosity, Stellar Mass Accretion, Stellar Mass Ejection, Supernovae, White Dwarf Stars, Astrophysics},
         year = 1979,
        month = nov,
       volume = {41},
        pages = {513},
          doi = {10.1086/190629},
       adsurl = {https://ui.adsabs.harvard.edu/abs/1979ApJS...41..513M},
      adsnote = {Provided by the SAO/NASA Astrophysics Data System}
}

% Minchev, Chiappini & Martig (2013)
@ARTICLE{Minchev2013,
       author = {{Minchev}, I. and {Chiappini}, C. and {Martig}, M.},
        title = "{Chemodynamical evolution of the Milky Way disk. I. The solar vicinity}",
      journal = {\aap},
     keywords = {Galaxy: kinematics and dynamics, galaxies: evolution, Galaxy: evolution, Galaxy: abundances, solar neighborhood, Galaxy: formation, Astrophysics - Astrophysics of Galaxies, Astrophysics - Cosmology and Nongalactic Astrophysics},
         year = 2013,
        month = oct,
       volume = {558},
          eid = {A9},
        pages = {A9},
          doi = {10.1051/0004-6361/201220189},
archivePrefix = {arXiv},
       eprint = {1208.1506},
 primaryClass = {astro-ph.GA},
       adsurl = {https://ui.adsabs.harvard.edu/abs/2013A&A...558A...9M},
      adsnote = {Provided by the SAO/NASA Astrophysics Data System}
}

% Parravano, McKee & Hollenbach (2011)
@ARTICLE{Parravano2011,
       author = {{Parravano}, Antonio and {McKee}, Christopher F. and {Hollenbach}, David J.},
        title = "{An Initial Mass Function for Individual Stars in Galactic Disks. I. Constraining the Shape of the Initial Mass Function}",
      journal = {\apj},
     keywords = {evolution, stars: formation, stars: luminosity function, mass function, Astrophysics - Astrophysics of Galaxies},
         year = 2011,
        month = jan,
       volume = {726},
       number = {1},
          eid = {27},
        pages = {27},
          doi = {10.1088/0004-637X/726/1/27},
archivePrefix = {arXiv},
       eprint = {1010.2452},
 primaryClass = {astro-ph.GA},
       adsurl = {https://ui.adsabs.harvard.edu/abs/2011ApJ...726...27P},
      adsnote = {Provided by the SAO/NASA Astrophysics Data System}
}

% Salpeter (1955)
@ARTICLE{Salpeter1955,
       author = {{Salpeter}, Edwin E.},
        title = "{The Luminosity Function and Stellar Evolution.}",
      journal = {\apj},
         year = 1955,
        month = jan,
       volume = {121},
        pages = {161},
          doi = {10.1086/145971},
       adsurl = {https://ui.adsabs.harvard.edu/abs/1955ApJ...121..161S},
      adsnote = {Provided by the SAO/NASA Astrophysics Data System}
}

% Scalo (1986)
@ARTICLE{Scalo1986,
       author = {{Scalo}, J.~M.},
        title = "{The Stellar Initial Mass Function}",
      journal = {\fcp},
     keywords = {Mass Distribution, Stellar Evolution, Stellar Mass, Chronology, Galaxies, Mass To Light Ratios, Metallicity, Star Clusters, Stellar Luminosity, Stellar Spectra, Astrophysics},
         year = 1986,
        month = may,
       volume = {11},
        pages = {1-278},
       adsurl = {https://ui.adsabs.harvard.edu/abs/1986FCPh...11....1S},
      adsnote = {Provided by the SAO/NASA Astrophysics Data System}
}

% Silva Aguirre et al. (2018)
@ARTICLE{SilvaAguirre2018,
       author = {{Silva Aguirre}, V. and {Bojsen-Hansen}, M. and {Slumstrup}, D. and {Casagrande}, L. and {Kawata}, D. and {Ciuc{\v{a}}}, I. and {Handberg}, R. and {Lund}, M.~N. and {Mosumgaard}, J.~R. and {Huber}, D. and {Johnson}, J.~A. and {Pinsonneault}, M.~H. and {Serenelli}, A.~M. and {Stello}, D. and {Tayar}, J. and {Bird}, J.~C. and {Cassisi}, S. and {Hon}, M. and {Martig}, M. and {Nissen}, P.~E. and {Rix}, H.~W. and {Sch{\"o}nrich}, R. and {Sahlholdt}, C. and {Trick}, W.~H. and {Yu}, J.},
        title = "{Confirming chemical clocks: asteroseismic age dissection of the Milky Way disc(s)}",
      journal = {\mnras},
     keywords = {asteroseismology, stars: fundamental parameters, stars: kinematics and dynamic, Galaxy: disc, Galaxy: evolution, Galaxy: structure, Astrophysics - Astrophysics of Galaxies, Astrophysics - Solar and Stellar Astrophysics},
         year = 2018,
        month = apr,
       volume = {475},
       number = {4},
        pages = {5487-5500},
          doi = {10.1093/mnras/sty150},
archivePrefix = {arXiv},
       eprint = {1710.09847},
 primaryClass = {astro-ph.GA},
       adsurl = {https://ui.adsabs.harvard.edu/abs/2018MNRAS.475.5487S},
      adsnote = {Provided by the SAO/NASA Astrophysics Data System}
}

% Spitoni et al. (2019)
@ARTICLE{Spitoni2019,
       author = {{Spitoni}, E. and {Silva Aguirre}, V. and {Matteucci}, F. and {Calura}, F. and {Grisoni}, V.},
        title = "{Galactic Archaeology with asteroseismic ages: Evidence for delayed gas infall in the formation of the Milky Way disc}",
      journal = {\aap},
     keywords = {Galaxy: abundances, Galaxy: evolution, ISM: general, asteroseismology, Astrophysics - Astrophysics of Galaxies},
         year = 2019,
        month = mar,
       volume = {623},
          eid = {A60},
        pages = {A60},
          doi = {10.1051/0004-6361/201834188},
archivePrefix = {arXiv},
       eprint = {1809.00914},
 primaryClass = {astro-ph.GA},
       adsurl = {https://ui.adsabs.harvard.edu/abs/2019A&A...623A..60S},
      adsnote = {Provided by the SAO/NASA Astrophysics Data System}
}

% Spitoni et al. (2020)
@ARTICLE{Spitoni2020,
       author = {{Spitoni}, E. and {Verma}, K. and {Silva Aguirre}, V. and {Calura}, F.},
        title = "{Galactic archaeology with asteroseismic ages. II. Confirmation of a delayed gas infall using Bayesian analysis based on MCMC methods}",
      journal = {\aap},
     keywords = {Galaxy: abundances, Galaxy: evolution, ISM: general, asteroseismology, methods: statistical, Astrophysics - Astrophysics of Galaxies},
         year = 2020,
        month = mar,
       volume = {635},
          eid = {A58},
        pages = {A58},
          doi = {10.1051/0004-6361/201937275},
archivePrefix = {arXiv},
       eprint = {1912.04312},
 primaryClass = {astro-ph.GA},
       adsurl = {https://ui.adsabs.harvard.edu/abs/2020A&A...635A..58S},
      adsnote = {Provided by the SAO/NASA Astrophysics Data System}
}

% Sukhbold et al. (2016)
@ARTICLE{Sukhbold2016,
       author = {{Sukhbold}, Tuguldur and {Ertl}, T. and {Woosley}, S.~E. and {Brown}, Justin M. and {Janka}, H. -T.},
        title = "{Core-collapse Supernovae from 9 to 120 Solar Masses Based on Neutrino-powered Explosions}",
      journal = {\apj},
     keywords = {nuclear reactions, nucleosynthesis, abundances, stars: black holes, stars: massive, stars: neutron, supernovae: general, Astrophysics - High Energy Astrophysical Phenomena, Astrophysics - Solar and Stellar Astrophysics},
         year = 2016,
        month = apr,
       volume = {821},
       number = {1},
          eid = {38},
        pages = {38},
          doi = {10.3847/0004-637X/821/1/38},
archivePrefix = {arXiv},
       eprint = {1510.04643},
 primaryClass = {astro-ph.HE},
       adsurl = {https://ui.adsabs.harvard.edu/abs/2016ApJ...821...38S},
      adsnote = {Provided by the SAO/NASA Astrophysics Data System}
}

% Weinberg, Andrews & Freudenburg (2017)
@ARTICLE{Weinberg2017,
       author = {{Weinberg}, David H. and {Andrews}, Brett H. and {Freudenburg}, Jenna},
        title = "{Equilibrium and Sudden Events in Chemical Evolution}",
      journal = {\apj},
     keywords = {galaxies: abundances, galaxies: evolution, Astrophysics - Astrophysics of Galaxies},
         year = 2017,
        month = mar,
       volume = {837},
       number = {2},
          eid = {183},
        pages = {183},
          doi = {10.3847/1538-4357/837/2/183},
archivePrefix = {arXiv},
       eprint = {1604.07435},
 primaryClass = {astro-ph.GA},
       adsurl = {https://ui.adsabs.harvard.edu/abs/2017ApJ...837..183W},
      adsnote = {Provided by the SAO/NASA Astrophysics Data System}
}

% Woosley & Weaver (1995)
@ARTICLE{Woosley1995,
       author = {{Woosley}, S.~E. and {Weaver}, Thomas A.},
        title = "{The Evolution and Explosion of Massive Stars. II. Explosive Hydrodynamics and Nucleosynthesis}",
      journal = {\apjs},
     keywords = {HYDRODYNAMICS, NUCLEAR REACTIONS, NUCLEOSYNTHESIS, ABUNDANCES, STARS: EVOLUTION, STARS: INTERIORS, STARS: SUPERNOVAE: GENERAL},
         year = 1995,
        month = nov,
       volume = {101},
        pages = {181},
          doi = {10.1086/192237},
       adsurl = {https://ui.adsabs.harvard.edu/abs/1995ApJS..101..181W},
      adsnote = {Provided by the SAO/NASA Astrophysics Data System}
}
