
% Asplund et al. (2009)
@ARTICLE{Asplund2009,
       author = {{Asplund}, Martin and {Grevesse}, Nicolas and {Sauval}, A. Jacques and {Scott}, Pat},
        title = "{The Chemical Composition of the Sun}",
      journal = {\araa},
     keywords = {Astrophysics - Solar and Stellar Astrophysics, Astrophysics - Earth and Planetary Astrophysics},
         year = 2009,
        month = sep,
       volume = {47},
       number = {1},
        pages = {481-522},
          doi = {10.1146/annurev.astro.46.060407.145222},
archivePrefix = {arXiv},
       eprint = {0909.0948},
 primaryClass = {astro-ph.SR},
       adsurl = {https://ui.adsabs.harvard.edu/abs/2009ARA&A..47..481A},
      adsnote = {Provided by the SAO/NASA Astrophysics Data System}
}

% Hayden et al. (2015)
@ARTICLE{Hayden2015,
       author = {{Hayden}, Michael R. and {Bovy}, Jo and {Holtzman}, Jon A. and {Nidever}, David L. and {Bird}, Jonathan C. and {Weinberg}, David H. and {Andrews}, Brett H. and {Majewski}, Steven R. and {Allende Prieto}, Carlos and {Anders}, Friedrich and {Beers}, Timothy C. and {Bizyaev}, Dmitry and {Chiappini}, Cristina and {Cunha}, Katia and {Frinchaboy}, Peter and {Garc{\'\i}a-Her{\'n}andez}, D.~A. and {Garc{\'\i}a P{\'e}rez}, Ana E. and {Girardi}, L{\'e}o and {Harding}, Paul and {Hearty}, Fred R. and {Johnson}, Jennifer A. and {M{\'e}sz{\'a}ros}, Szabolcs and {Minchev}, Ivan and {O'Connell}, Robert and {Pan}, Kaike and {Robin}, Annie C. and {Schiavon}, Ricardo P. and {Schneider}, Donald P. and {Schultheis}, Mathias and {Shetrone}, Matthew and {Skrutskie}, Michael and {Steinmetz}, Matthias and {Smith}, Verne and {Wilson}, John C. and {Zamora}, Olga and {Zasowski}, Gail},
        title = "{Chemical Cartography with APOGEE: Metallicity Distribution Functions and the Chemical Structure of the Milky Way Disk}",
      journal = {\apj},
     keywords = {Galaxy: abundances, Galaxy: disk, Galaxy: evolution, Galaxy: stellar content, Galaxy: structure, Astrophysics - Astrophysics of Galaxies},
         year = 2015,
        month = aug,
       volume = {808},
       number = {2},
          eid = {132},
        pages = {132},
          doi = {10.1088/0004-637X/808/2/132},
archivePrefix = {arXiv},
       eprint = {1503.02110},
 primaryClass = {astro-ph.GA},
       adsurl = {https://ui.adsabs.harvard.edu/abs/2015ApJ...808..132H},
      adsnote = {Provided by the SAO/NASA Astrophysics Data System}
}

% Johnson et al. (2021)
@ARTICLE{Johnson2021,
       author = {{Johnson}, James W. and {Weinberg}, David H. and {Vincenzo}, Fiorenzo and {Bird}, Jonathan C. and {Loebman}, Sarah R. and {Brooks}, Alyson M. and {Quinn}, Thomas R. and {Christensen}, Charlotte R. and {Griffith}, Emily J.},
        title = "{Stellar migration and chemical enrichment in the milky way disc: a hybrid model}",
      journal = {\mnras},
     keywords = {methods: numerical, galaxies: abundances, galaxies: evolution, galaxies: star formation, galaxies: stellar content, Astrophysics - Astrophysics of Galaxies},
         year = 2021,
        month = dec,
       volume = {508},
       number = {3},
        pages = {4484-4511},
          doi = {10.1093/mnras/stab2718},
archivePrefix = {arXiv},
       eprint = {2103.09838},
 primaryClass = {astro-ph.GA},
       adsurl = {https://ui.adsabs.harvard.edu/abs/2021MNRAS.508.4484J},
      adsnote = {Provided by the SAO/NASA Astrophysics Data System}
}

% Kroupa (2001)
@ARTICLE{Kroupa2001,
       author = {{Kroupa}, Pavel},
        title = "{On the variation of the initial mass function}",
      journal = {\mnras},
     keywords = {BINARIES: GENERAL, STARS: FORMATION, STARS: KINEMATICS, STARS: LUMINOSITY FUNCTION, MASS FUNCTION, GLOBULAR CLUSTERS: GENERAL, OPEN CLUSTERS AND ASSOCIATIONS: GENERAL, Astrophysics},
         year = 2001,
        month = apr,
       volume = {322},
       number = {2},
        pages = {231-246},
          doi = {10.1046/j.1365-8711.2001.04022.x},
archivePrefix = {arXiv},
       eprint = {astro-ph/0009005},
 primaryClass = {astro-ph},
       adsurl = {https://ui.adsabs.harvard.edu/abs/2001MNRAS.322..231K},
      adsnote = {Provided by the SAO/NASA Astrophysics Data System}
}

% Minchev, Chiappini & Martig (2013)
@ARTICLE{Minchev2013,
       author = {{Minchev}, I. and {Chiappini}, C. and {Martig}, M.},
        title = "{Chemodynamical evolution of the Milky Way disk. I. The solar vicinity}",
      journal = {\aap},
     keywords = {Galaxy: kinematics and dynamics, galaxies: evolution, Galaxy: evolution, Galaxy: abundances, solar neighborhood, Galaxy: formation, Astrophysics - Astrophysics of Galaxies, Astrophysics - Cosmology and Nongalactic Astrophysics},
         year = 2013,
        month = oct,
       volume = {558},
          eid = {A9},
        pages = {A9},
          doi = {10.1051/0004-6361/201220189},
archivePrefix = {arXiv},
       eprint = {1208.1506},
 primaryClass = {astro-ph.GA},
       adsurl = {https://ui.adsabs.harvard.edu/abs/2013A&A...558A...9M},
      adsnote = {Provided by the SAO/NASA Astrophysics Data System}
}

% Minchev, Chiappini & Martig (2014)
@ARTICLE{Minchev2014,
       author = {{Minchev}, I. and {Chiappini}, C. and {Martig}, M.},
        title = "{Chemodynamical evolution of the Milky Way disk. II. Variations with Galactic radius and height above the disk plane}",
      journal = {\aap},
     keywords = {Galaxy: kinematics and dynamics, galaxies: evolution, Galaxy: abundances, Galaxy: formation, Galaxy: evolution, Galaxy: disk, Astrophysics - Astrophysics of Galaxies, Astrophysics - Cosmology and Nongalactic Astrophysics},
         year = 2014,
        month = dec,
       volume = {572},
          eid = {A92},
        pages = {A92},
          doi = {10.1051/0004-6361/201423487},
archivePrefix = {arXiv},
       eprint = {1401.5796},
 primaryClass = {astro-ph.GA},
       adsurl = {https://ui.adsabs.harvard.edu/abs/2014A&A...572A..92M},
      adsnote = {Provided by the SAO/NASA Astrophysics Data System}
}

% Spitoni et al. (2019)
@ARTICLE{Spitoni2019,
       author = {{Spitoni}, E. and {Silva Aguirre}, V. and {Matteucci}, F. and {Calura}, F. and {Grisoni}, V.},
        title = "{Galactic Archaeology with asteroseismic ages: Evidence for delayed gas infall in the formation of the Milky Way disc}",
      journal = {\aap},
     keywords = {Galaxy: abundances, Galaxy: evolution, ISM: general, asteroseismology, Astrophysics - Astrophysics of Galaxies},
         year = 2019,
        month = mar,
       volume = {623},
          eid = {A60},
        pages = {A60},
          doi = {10.1051/0004-6361/201834188},
archivePrefix = {arXiv},
       eprint = {1809.00914},
 primaryClass = {astro-ph.GA},
       adsurl = {https://ui.adsabs.harvard.edu/abs/2019A&A...623A..60S},
      adsnote = {Provided by the SAO/NASA Astrophysics Data System}
}

% Weinberg, Andrews & Freudenburg (2017)
@ARTICLE{Weinberg2017,
       author = {{Weinberg}, David H. and {Andrews}, Brett H. and {Freudenburg}, Jenna},
        title = "{Equilibrium and Sudden Events in Chemical Evolution}",
      journal = {\apj},
     keywords = {galaxies: abundances, galaxies: evolution, Astrophysics - Astrophysics of Galaxies},
         year = 2017,
        month = mar,
       volume = {837},
       number = {2},
          eid = {183},
        pages = {183},
          doi = {10.3847/1538-4357/837/2/183},
archivePrefix = {arXiv},
       eprint = {1604.07435},
 primaryClass = {astro-ph.GA},
       adsurl = {https://ui.adsabs.harvard.edu/abs/2017ApJ...837..183W},
      adsnote = {Provided by the SAO/NASA Astrophysics Data System}
}
